@article{hong2017investigation,
    title     = {An investigation into multivariate variance ratio statistics and their application to stock market predictability},
    author    = {Hong, Seok Young and Linton, Oliver and Zhang, Hui Jun},
    journal   = {Journal of Financial Econometrics},
    volume    = {15},
    number    = {2},
    pages     = {173--222},
    year      = {2017},
    publisher = {Oxford University Press}
}
@article{lo1988stock,
    title     = {Stock market prices do not follow random walks: Evidence from a simple specification test},
    author    = {Lo, Andrew W and MacKinlay, A Craig},
    journal   = {The review of financial studies},
    volume    = {1},
    number    = {1},
    pages     = {41--66},
    year      = {1988},
    publisher = {Oxford University Press}
}