@article{roll1984simple,
    title     = {A simple implicit measure of the effective bid-ask spread in an efficient market},
    author    = {Roll, Richard},
    journal   = {The Journal of finance},
    volume    = {39},
    number    = {4},
    pages     = {1127--1139},
    year      = {1984},
    publisher = {Wiley Online Library}
}
@book{brockwell2009time,
    title     = {Time series: theory and methods},
    author    = {Brockwell, Peter J and Davis, Richard A},
    year      = {2009},
    publisher = {Springer science \& business media}
}