@article{hong2017investigation,
    title     = {An investigation into multivariate variance ratio statistics and their application to stock market predictability},
    author    = {Hong, Seok Young and Linton, Oliver and Zhang, Hui Jun},
    journal   = {Journal of Financial Econometrics},
    volume    = {15},
    number    = {2},
    pages     = {173--222},
    year      = {2017},
    publisher = {Oxford University Press}
}
@article{lo1988stock,
    title     = {Stock market prices do not follow random walks: Evidence from a simple specification test},
    author    = {Lo, Andrew W and MacKinlay, A Craig},
    journal   = {The review of financial studies},
    volume    = {1},
    number    = {1},
    pages     = {41--66},
    year      = {1988},
    publisher = {Oxford University Press}
}
@article{roll1984simple,
    title     = {A simple implicit measure of the effective bid-ask spread in an efficient market},
    author    = {Roll, Richard},
    journal   = {The Journal of finance},
    volume    = {39},
    number    = {4},
    pages     = {1127--1139},
    year      = {1984},
    publisher = {Wiley Online Library}
}
@book{brockwell2009time,
    title     = {Time series: theory and methods},
    author    = {Brockwell, Peter J and Davis, Richard A},
    year      = {2009},
    publisher = {Springer science \& business media}
}
@article{hansen1982generalized,
    title     = {Generalized instrumental variables estimation of nonlinear rational expectations models},
    author    = {Hansen, Lars Peter and Singleton, Kenneth J},
    journal   = {Econometrica: Journal of the Econometric Society},
    pages     = {1269--1286},
    year      = {1982},
    publisher = {JSTOR}
}
@article{stambaugh1999predictive,
    title     = {Predictive regressions},
    author    = {Stambaugh, Robert F},
    journal   = {Journal of financial economics},
    volume    = {54},
    number    = {3},
    pages     = {375--421},
    year      = {1999},
    publisher = {Elsevier}
}
@article{kendall1954note,
    title     = {Note on bias in the estimation of autocorrelation},
    author    = {Kendall, Maurice G},
    journal   = {Biometrika},
    volume    = {41},
    number    = {3-4},
    pages     = {403--404},
    year      = {1954},
    publisher = {Oxford University Press}
}
@article{petersen2008estimating,
  title={Estimating standard errors in finance panel data sets: Comparing approaches},
  author={Petersen, Mitchell A},
  journal={The Review of financial studies},
  volume={22},
  number={1},
  pages={435--480},
  year={2008},
  publisher={Society for Financial Studies}
}

@article{skoulakis2008panel,
  title={Panel data inference in finance: Least-squares vs Fama-MacBeth},
  author={Skoulakis, Georgios},
  journal={Available at SSRN 1108865},
  year={2008}
}

@article{fama1973risk,
  title={Risk, return, and equilibrium: Empirical tests},
  author={Fama, Eugene F and MacBeth, James D},
  journal={Journal of political economy},
  volume={81},
  number={3},
  pages={607--636},
  year={1973},
  publisher={The University of Chicago Press}
}

@book{bishop2006pattern,
  title={Pattern recognition and machine learning},
  author={Bishop, Christopher M and Nasrabadi, Nasser M},
  volume={4},
  year={2006},
  publisher={Springer}
}

@article{horn1965rationale,
  title={A rationale and test for the number of factors in factor analysis},
  author={Horn, John L},
  journal={Psychometrika},
  volume={30},
  pages={179--185},
  year={1965},
  publisher={Springer}
}

@article{connor1986performance,
  title={Performance measurement with the arbitrage pricing theory: A new framework for analysis},
  author={Connor, Gregory and Korajczyk, Robert A},
  journal={Journal of financial economics},
  volume={15},
  number={3},
  pages={373--394},
  year={1986},
  publisher={Elsevier}
}

@article{treynor1973use,
  title={How to use security analysis to improve portfolio selection},
  author={Treynor, Jack L and Black, Fischer},
  journal={The journal of business},
  volume={46},
  number={1},
  pages={66--86},
  year={1973},
  publisher={JSTOR}
}

@article{connor1993test,
  title={A test for the number of factors in an approximate factor model},
  author={Connor, Gregory and Korajczyk, Robert A},
  journal={the Journal of Finance},
  volume={48},
  number={4},
  pages={1263--1291},
  year={1993},
  publisher={Wiley Online Library}
}