@article{petersen2008estimating,
  title={Estimating standard errors in finance panel data sets: Comparing approaches},
  author={Petersen, Mitchell A},
  journal={The Review of financial studies},
  volume={22},
  number={1},
  pages={435--480},
  year={2008},
  publisher={Society for Financial Studies}
}

@article{skoulakis2008panel,
  title={Panel data inference in finance: Least-squares vs Fama-MacBeth},
  author={Skoulakis, Georgios},
  journal={Available at SSRN 1108865},
  year={2008}
}

@article{fama1973risk,
  title={Risk, return, and equilibrium: Empirical tests},
  author={Fama, Eugene F and MacBeth, James D},
  journal={Journal of political economy},
  volume={81},
  number={3},
  pages={607--636},
  year={1973},
  publisher={The University of Chicago Press}
}