@article{hansen1982generalized,
    title     = {Generalized instrumental variables estimation of nonlinear rational expectations models},
    author    = {Hansen, Lars Peter and Singleton, Kenneth J},
    journal   = {Econometrica: Journal of the Econometric Society},
    pages     = {1269--1286},
    year      = {1982},
    publisher = {JSTOR}
}
@article{stambaugh1999predictive,
    title     = {Predictive regressions},
    author    = {Stambaugh, Robert F},
    journal   = {Journal of financial economics},
    volume    = {54},
    number    = {3},
    pages     = {375--421},
    year      = {1999},
    publisher = {Elsevier}
}
@article{kendall1954note,
    title     = {Note on bias in the estimation of autocorrelation},
    author    = {Kendall, Maurice G},
    journal   = {Biometrika},
    volume    = {41},
    number    = {3-4},
    pages     = {403--404},
    year      = {1954},
    publisher = {Oxford University Press}
}